@article{ducourant2009credit,
  title={Le cr{\'e}dit revolving, un succ{\`e}s populaire},
  author={Ducourant, H{\'e}l{\`e}ne},
  journal={Soci{\'e}t{\'e}s contemporaines},
  number={4},
  pages={41--65},
  year={2009},
  publisher={Presses de Sciences Po (PFNSP)}
}


@misc{credit_cards_country,
 title={Credit cards per household by country in 2016}, 
 url={https://www.statista.com/statistics/650858/credit-cards-per-household-by-country/}, 
 author={Statista},
 year={2016}}
 
 
 @misc{dicharry_2017, title={Maison de la literie lance la location avec option d'achat}, url={https://www.lesechos.fr/26/10/2017/lesechos.fr/030786701376_maison-de-la-literie-lance-la-location-avec-option-d-achat.htm}, journal={lesechos.fr}, publisher={Les Echos}, author={Dicharry, Elsa}, year={2017}, month={Oct}}

@misc{peden_2018, title={VENTE DE VOITURES : LA PART DES FORMULES DE LOCATION A DECOLLE EN 2017}, url={https://news.autoplus.fr/Location-LLD-LOA-Vente-Marques-premium-1523494.html}, journal={Autoplus.fr}, publisher={Autoplus.fr}, author={Peden, Jean-Philippe}, year={2018}, month={Jan}}

@article{karim2013off,
  title={Off-balance sheet exposures and banking crises in OECD countries},
  author={Karim, Dilruba and Liadze, Iana and Barrell, Ray and Davis, E Philip},
  journal={Journal of Financial Stability},
  volume={9},
  number={4},
  pages={673--681},
  year={2013},
  publisher={Elsevier}
}

