
% poster

@inproceedings{ds3,
title= {Model-based multivariate discretization for logistic regression},
author = {Adrien Ehrhardt, Christophe Biernacki, Vincent Vandewalle, Philippe Heinrich},
year = {2017},
note= {Data Science Summer School},
URL= {http://2017.ds3-datascience-polytechnique.fr/wp-content/uploads/2017/08/DS3_posterID_049.pdf},
}


% talk rjs

@inproceedings{rjs,
title= {Credit Scoring : biais d’échantillon ou réintégration des refusé},
author = {Adrien Ehrhardt, Christophe Biernacki, Vincent Vandewalle, Philippe Heinrich, Sébastien Beben},
year = {2017},
note= {Rencontres des jeunes statisticiens},
URL= {https://adimajo.github.io/assets/publications/EHRHARDT_RJS_REINTEGRATION.pdf},
}


% talk jds


@inproceedings{jds,
  TITLE = {{R{\'e}int{\'e}gration des refus{\'e}s en Credit Scoring}},
  AUTHOR = {Ehrhardt, Adrien and Biernacki, Christophe and Vandewalle, Vincent and Heinrich, Philippe and Beben, S{\'e}bastien},
  URL = {https://hal.archives-ouvertes.fr/hal-01653767},
  BOOKTITLE = {{49e Journ{\'e}es de Statistique}},
  ADDRESS = {Avignon , France},
  YEAR = {2017},
  MONTH = May,
  KEYWORDS = {reject inference ; semi-supervised learning ; credit ; risk ; risque ; scoring ; refus{\'e} ;  r{\'e}int{\'e}gration ; apprentissage semi-supervis{\'e}  },
  PDF = {https://hal.archives-ouvertes.fr/hal-01653767/file/subm31.pdf},
  HAL_ID = {hal-01653767},
  HAL_VERSION = {v1},
}


% talk compstat

@inproceedings{compstat,
  TITLE = {{Supervised multivariate discretization and levels merging for logistic regression}},
  AUTHOR = {Ehrhardt, Adrien and Vandewalle, Vincent and Biernacki, Christophe and Heinrich, Philippe},
  URL = {https://hal.archives-ouvertes.fr/hal-01949128},
  BOOKTITLE = {{23rd International Conference on Computational Statistics}},
  ADDRESS = {Iasi, Romania},
  YEAR = {2018},
  MONTH = Aug,
  HAL_ID = {hal-01949128},
  HAL_VERSION = {v1},
  PDF={http://www.cmstatistics.org/RegistrationsV2/COMPSTAT2018/viewSubmission.php?in=345&token=5282or1op8ps7p5269os107919490pqr}
}