@article{functional,
author = {Hall, Peter and Hosseini-Nasab, Mohammad},
title = {On properties of functional principal components analysis},
journal = {Journal of the Royal Statistical Society: Series B (Statistical Methodology)},
volume = {68},
number = {1},
pages = {109-126},
keywords = {Confidence interval, Cross-validation, Eigenfunction, Eigenvalue, Linear regression, Operator theory, Principal component analysis, Simultaneous confidence region},
doi = {10.1111/j.1467-9868.2005.00535.x},
url = {https://rss.onlinelibrary.wiley.com/doi/abs/10.1111/j.1467-9868.2005.00535.x},
eprint = {https://rss.onlinelibrary.wiley.com/doi/pdf/10.1111/j.1467-9868.2005.00535.x},
year = {2006}
}

@book{2015BelletHS,
  author    = {Aur{\'{e}}lien Bellet and
               Amaury Habrard and
               Marc Sebban},
  title     = {Metric Learning},
  series    = {Synthesis Lectures on Artificial Intelligence and Machine Learning},
  publisher = {Morgan {\&} Claypool Publishers},
  year      = {2015},
  url       = {https://doi.org/10.2200/S00626ED1V01Y201501AIM030},
  doi       = {10.2200/S00626ED1V01Y201501AIM030},
  timestamp = {Tue, 16 May 2017 14:24:20 +0200},
  biburl    = {https://dblp.org/rec/bib/series/synthesis/2015BelletHS},
  bibsource = {dblp computer science bibliography, https://dblp.org}
}

@article{zou2006adaptive,
  title={The adaptive lasso and its oracle properties},
  author={Zou, Hui},
  journal={Journal of the American statistical association},
  volume={101},
  number={476},
  pages={1418--1429},
  year={2006},
  publisher={Taylor \& Francis}
}

@mastersthesis{verkade_2018,
title={Credit scoring for small medium enterprises using transaction data},
author={Verkade, Joost},
year={2018}, month={Apr},
school={TU Delft},
url={https://repository.tudelft.nl/islandora/object/uuid:6ed89f2f-2c5f-4b85-859b-47a244da609b}
}

@book{bertrandagnan_2017, place={Paris}, title={Model choice and model aggregation}, publisher={Editions Technip}, author={Bertrand Frédéric and Droesbeke, Jean-Jacques and Saporta, G. and Thomas-Agnan, Christine}, year={2017}}

@article{gorban2018blessing,
  title={Blessing of dimensionality: mathematical foundations of the statistical physics of data},
  author={Gorban, Alexander N and Tyukin, Ivan Yu},
  journal={Philosophical Transactions of the Royal Society A: Mathematical, Physical and Engineering Sciences},
  volume={376},
  number={2118},
  pages={20170237},
  year={2018},
  publisher={The Royal Society Publishing}
}

@article{zhu2004classification,
  title={Classification of gene microarrays by penalized logistic regression},
  author={Zhu, Ji and Hastie, Trevor},
  journal={Biostatistics},
  volume={5},
  number={3},
  pages={427--443},
  year={2004},
  publisher={Oxford University Press}
}

@book{buhlmann2011statistics,
  title={Statistics for high-dimensional data: methods, theory and applications},
  author={B{\"u}hlmann, Peter and Van De Geer, Sara},
  year={2011},
  publisher={Springer Science \& Business Media}
}

@inproceedings{lou2012intelligible,
  title={Intelligible models for classification and regression},
  author={Lou, Yin and Caruana, Rich and Gehrke, Johannes},
  booktitle={Proceedings of the 18th ACM SIGKDD international conference on Knowledge discovery and data mining},
  pages={150--158},
  year={2012},
  organization={ACM}
}