@inproceedings{kerber1992chimerge,
  title={Chimerge: Discretization of numeric attributes},
  author={Kerber, Randy},
  booktitle={Proceedings of the tenth national conference on Artificial intelligence},
  pages={123--128},
  year={1992},
  organization={Aaai Press}
}

@misc{Dua:2017 ,
author = "Dheeru, Dua and Karra Taniskidou, Efi",
year = "2017",
title = "{UCI} Machine Learning Repository",
url = "http://archive.ics.uci.edu/ml",
institution = "University of California, Irvine, School of Information and Computer Sciences" }


@article{kass1980exploratory,
  title={An exploratory technique for investigating large quantities of categorical data},
  author={Kass, Gordon V},
  journal={Applied statistics},
  pages={119--127},
  year={1980},
  publisher={JSTOR}
}

@inproceedings{fayyad1993multi,
  title={Multi-interval discretization of continuous-valued attributes for classification learning},
  author={Fayyad, Usama and Irani, Keki},
  booktitle={13th International Joint Conference on Artificial Intelligence},
  pages={1022â€“-1029},
  year={1993}
}

@inproceedings{
tsang2018detecting,
title={Detecting Statistical Interactions from Neural Network Weights},
author={Michael Tsang and Dehua Cheng and Yan Liu},
booktitle={International Conference on Learning Representations},
year={2018},
url={https://openreview.net/forum?id=ByOfBggRZ},
}

@inproceedings{hahnloser2001permitted,
  title={Permitted and forbidden sets in symmetric threshold-linear networks},
  author={Hahnloser, Richard HR and Seung, H Sebastian},
  booktitle={Advances in Neural Information Processing Systems},
  pages={217--223},
  year={2001}
}

@misc{chollet2015keras,
  title={Keras},
  author={Chollet, Fran\c{c}ois and others},
  year={2015},
  howpublished={\url{https://keras.io}},
}

@misc{tensorflow2015-whitepaper,
title={ {TensorFlow}: Large-Scale Machine Learning on Heterogeneous Systems},
url={https://www.tensorflow.org/},
note={Software available from tensorflow.org},
author={
    Mart\'{\i}n~Abadi and
    Ashish~Agarwal and
    Paul~Barham and
    Eugene~Brevdo and
    Zhifeng~Chen and
    Craig~Citro and
    Greg~S.~Corrado and
    Andy~Davis and
    Jeffrey~Dean and
    Matthieu~Devin and
    Sanjay~Ghemawat and
    Ian~Goodfellow and
    Andrew~Harp and
    Geoffrey~Irving and
    Michael~Isard and
    Yangqing Jia and
    Rafal~Jozefowicz and
    Lukasz~Kaiser and
    Manjunath~Kudlur and
    Josh~Levenberg and
    Dandelion~Man\'{e} and
    Rajat~Monga and
    Sherry~Moore and
    Derek~Murray and
    Chris~Olah and
    Mike~Schuster and
    Jonathon~Shlens and
    Benoit~Steiner and
    Ilya~Sutskever and
    Kunal~Talwar and
    Paul~Tucker and
    Vincent~Vanhoucke and
    Vijay~Vasudevan and
    Fernanda~Vi\'{e}gas and
    Oriol~Vinyals and
    Pete~Warden and
    Martin~Wattenberg and
    Martin~Wicke and
    Yuan~Yu and
    Xiaoqiang~Zheng},
  year={2015},
}

@article{zeng2014necessary,
  title={A necessary condition for a good binning algorithm in credit scoring},
  author={Zeng, Guoping},
  journal={Applied Mathematical Sciences},
  volume={8},
  number={65},
  pages={3229--3242},
  year={2014}
}

@article{celeux1995stochastic,
  title={On stochastic versions of the EM algorithm},
  author={Celeux, Gilles and Chauveau, Didier and Diebolt, Jean},
  year={1995},
  publisher={INRIA}
}

@ARTICLE{2013arXiv1305.2982B,
   author = {{Bengio}, Y.},
    title = "{Estimating or Propagating Gradients Through Stochastic Neurons}",
  journal = {ArXiv e-prints},
archivePrefix = "arXiv",
   eprint = {1305.2982},
 keywords = {Computer Science - Machine Learning},
     year = 2013,
    month = may,
   adsurl = {http://adsabs.harvard.edu/abs/2013arXiv1305.2982B},
  adsnote = {Provided by the SAO/NASA Astrophysics Data System}
}


@article{massart2007concentration,
  title={Concentration inequalities and model selection},
  author={Massart, Pascal},
  year={2007},
  publisher={Springer}
}

@book{temme2015asymptotic,
  title={Asymptotic methods for integrals},
  author={Temme, Nico M},
  year={2015},
  publisher={World Scientific}
}

@article{BIC,
 ISSN = {00905364},
 URL = {http://www.jstor.org/stable/2958889},
 abstract = {The problem of selecting one of a number of models of different dimensions is treated by finding its Bayes solution, and evaluating the leading terms of its asymptotic expansion. These terms are a valid large-sample criterion beyond the Bayesian context, since they do not depend on the a priori distribution.},
 author = {Gideon Schwarz},
 journal = {The Annals of Statistics},
 number = {2},
 pages = {461-464},
 publisher = {Institute of Mathematical Statistics},
 title = {Estimating the Dimension of a Model},
 volume = {6},
 year = {1978}
}

@article{ramirez2016data,
  title={Data discretization: taxonomy and big data challenge},
  author={Ram{\'\i}rez-Gallego, Sergio and Garc{\'\i}a, Salvador and Mouri{\~n}o-Tal{\'\i}n, H{\'e}ctor and Mart{\'\i}nez-Rego, David and Bol{\'o}n-Canedo, Ver{\'o}nica and Alonso-Betanzos, Amparo and Ben{\'\i}tez, Jos{\'e} Manuel and Herrera, Francisco},
  journal={Wiley Interdisciplinary Reviews: Data Mining and Knowledge Discovery},
  volume={6},
  number={1},
  pages={5--21},
  year={2016},
  publisher={Wiley Online Library}
}

@inproceedings{akaike1973information,
  title={Information theory and an extension of the maximum likelihood principle},
  author={Hirotugu Akaike},
  booktitle={2nd International Symposium on Information Theory, 1973},
  pages={267--281},
  year={1973},
  organization={Akademiai Kiado}
}

@article{maj2015delete,
  title={Delete or merge regressors for linear model selection},
  author={Maj-Ka{\'n}ska, Aleksandra and Pokarowski, Piotr and Prochenka, Agnieszka and others},
  journal={Electronic Journal of Statistics},
  volume={9},
  number={2},
  pages={1749--1778},
  year={2015},
  publisher={The Institute of Mathematical Statistics and the Bernoulli Society}
}

@article{berry2010testing,
  title={Testing for interaction in binary logit and probit models: Is a product term essential?},
  author={Berry, William D and DeMeritt, Jacqueline HR and Esarey, Justin},
  journal={American Journal of Political Science},
  volume={54},
  number={1},
  pages={248--266},
  year={2010},
  publisher={Wiley Online Library}
}

@article{yang2009discretization,
  title={Discretization for naive-Bayes learning: managing discretization bias and variance},
  author={Yang, Ying and Webb, Geoffrey I},
  journal={Machine learning},
  volume={74},
  number={1},
  pages={39--74},
  year={2009},
  publisher={Springer}
}

@book{hosmer2013applied,
  title={Applied logistic regression},
  author={Hosmer Jr, David W and Lemeshow, Stanley and Sturdivant, Rodney X},
  volume={398},
  year={2013},
  publisher={John Wiley \& Sons}
}

@incollection{Bengio+chapter2007,
author = {Bengio, Yoshua and LeCun, Yann},
booktitle = {Large Scale Kernel Machines},
publisher = {MIT Press},
title = {Scaling Learning Algorithms Towards {AI}},
year = {2007}
}

@article{Hinton06,
author = {Hinton, Geoffrey E. and Osindero, Simon and Teh, Yee Whye},
journal = {Neural Computation},
pages = {1527--1554},
title = {A Fast Learning Algorithm for Deep Belief Nets},
volume = {18},
year = {2006}
}

@book{goodfellow2016deep,
title={Deep learning},
author={Goodfellow, Ian and Bengio, Yoshua and Courville, Aaron and Bengio, Yoshua},
volume={1},
year={2016},
publisher={MIT Press}
}