@article{zeileis2008model,
  title={Model-based recursive partitioning},
  author={Zeileis, Achim and Hothorn, Torsten and Hornik, Kurt},
  journal={Journal of Computational and Graphical Statistics},
  volume={17},
  number={2},
  pages={492--514},
  year={2008},
  publisher={Taylor \& Francis}
}



@article{landwehr2005logistic,
  title={Logistic model trees},
  author={Landwehr, Niels and Hall, Mark and Frank, Eibe},
  journal={Machine learning},
  volume={59},
  number={1-2},
  pages={161--205},
  year={2005},
  publisher={Springer}
}

