%%%% Credit Scoring : références générales "métier"

@article{durand1941risk,
  title={Risk elements in consumer instalment financing},
  author={Durand, David and others},
  journal={NBER Books},
  year={1941},
  publisher={National Bureau of Economic Research, Inc}
}

