
@misc{la_tribune_2010, title={Les Français recourent toujours largement au crédit pour acheter leur voiture}, url={https://www.latribune.fr/vos-finances/banques-credit/credit-auto-moto/20101007trib000556639/les-francais-recourent-toujours-largement-au-credit-pour-acheter-leur-voiture.html}, journal={La Tribune}, publisher={La Tribune Nouvelle}, year={2010}, month={Oct}}


@book{thomas_wards_1828,
	series = {The {Wards} of {London}: {Comprising} a {Historical} and {Topographical} {Description} of {Every} {Object} of {Importance} {Within} the {Boundaries} of the {City}. {With} an {Account} of {All} the {Companies}, {Institutions}, {Buildings}, {Ancient} {Remains} ... and {Biographical} {Sketches} of {All} {Eminent} {Persons} {Connected} {Therewith}},
	title = {The {Wards} of {London}: {Comprising} a {Historical} and {Topographical} {Description} of {Every} {Object} of {Importance} {Within} the {Boundaries} of the {City}. {With} an {Account} of {All} the {Companies}, {Institutions}, {Buildings}, {Ancient} {Remains} ... and {Biographical} {Sketches} of {All} {Eminent} {Persons} {Connected} {Therewith}},
	url = {https://books.google.fr/books?id=PDMQAAAAYAAJ},
	number = {vol. 1 à 2},
	publisher = {J. Gifford},
	author = {Thomas, H.},
	year = {1828}
}

@book{noauthor_loi_2010,
	title = {{LOI} n° 2010-737 du 1er juillet 2010 portant réforme du crédit à la consommation (1)},
	url = {https://www.legifrance.gouv.fr/affichTexte.do?cidTexte=JORFTEXT000022419094&categorieLien=id},
	month = jul,
	year = {2010}
}